@misc{Agarwal,
	author = "Agarwal, R.",
	year = "2019",
	title = "To all Data Scientists - The one Graph Algorithm you need to know.",
	publisher = "Towards Data Science",
	howpublished = "\url{https://towardsdatascience.com/to-all-data-scientists-the-one-graph-algorithm-you-need-to-know-59178dbb1ec2}"
}

@misc{PYArcGIS,
	year = "2019",
	title = "ArcGIS API for Python",
	howpublished = "\url{https://developers.arcgis.com/python/}"
}

@misc{ArcGIS,
	year = "2019",
	title = "ArcGIS for Developers",
	howpublished = "\url{https://developers.arcgis.com/}"
}

@misc{ICS,
	year = "2019",
	title = "iCalendar | Wikiwand",
	howpublished = "\url{https://www.wikiwand.com/en/ICalendar}"
}
  
@misc{DOCKER,
	year = "2019",
	title = "About Docker CE",
	howpublished = "\url{https://docs.docker.com/install/}"
}

@misc{DC,
	author = "Docker Documentation",
	year = "2019",
	title = "Install Docker Compose",
	howpublished = "\url{https://docs.docker.com/compose/install/}"
}
  
@misc{SPARK,
	author = "Spark.apache.org",
	year = "2019",
	title = "GraphX | Apache Spark",
	howpublished = "\url{https://spark.apache.org/graphx/}"
}

@misc{Flask,
	year = "2019",
	title = "Welcome | Flask (A Python Microframework)",
	howpublished = "\url{http://flask.pocoo.org/}"
}

@misc{Trulia,
	author = "Trulia",
	year = "2019",
	title = "Trulia: Real Estate Listings, Homes for Sale, Housing Data",
	howpublished = "\url{https://www.trulia.com/}"
}


@misc{img-pyspark,
	title = "jupyter/pyspark-notebook",
	year = "2019",
	howpublished = "\url{https://hub.docker.com/r/jupyter/pyspark-notebook}"
}

@misc{img-esri,
	title = "esridocker/arcgis-api-python-notebook",
	year = "2019",
	howpublished = "\url{https://hub.docker.com/r/esridocker/arcgis-api-python-notebook}"
}

@misc{img-mongo,
	title = "mongo",
	year = "2019",
	howpublished = "\url{https://hub.docker.com/_/mongo}"
}

@misc{jansing_jansing_2019, title={Traveling Salesman Interview}, author={Jansing, David W and Jansing, Alexander P}, year={2019}, month={Apr}}